% use `texdoc biblatex` to get help
@misc{cryptoeprint:2018/046,
      author = {Eli Ben-Sasson and Iddo Bentov and Yinon Horesh and Michael Riabzev},
      title = {Scalable, transparent, and post-quantum secure computational integrity},
      howpublished = {Cryptology ePrint Archive, Paper 2018/046},
      year = {2018},
      note = {\url{https://eprint.iacr.org/2018/046}},
      url = {https://eprint.iacr.org/2018/046}
}
@INPROCEEDINGS{8418611,  author={Bünz, Benedikt and Bootle, Jonathan and Boneh, Dan and Poelstra, Andrew and Wuille, Pieter and Maxwell, Greg},  booktitle={2018 IEEE Symposium on Security and Privacy (SP)},   title={Bulletproofs: Short Proofs for Confidential Transactions and More},   year={2018},  volume={},  number={},  pages={315-334},  doi={10.1109/SP.2018.00020}}
@misc{cryptoeprint:2005/133,
      author = {Paulo S.  L.  M.  Barreto and Michael Naehrig},
      title = {Pairing-Friendly Elliptic Curves of Prime Order},
      howpublished = {Cryptology ePrint Archive, Paper 2005/133},
      year = {2005},
      note = {\url{https://eprint.iacr.org/2005/133}},
      url = {https://eprint.iacr.org/2005/133}
}
@misc{cryptoeprint:2016/260,
      author = {Jens Groth},
      title = {On the Size of Pairing-based Non-interactive Arguments},
      howpublished = {Cryptology ePrint Archive, Paper 2016/260},
      year = {2016},
      note = {\url{https://eprint.iacr.org/2016/260}},
      url = {https://eprint.iacr.org/2016/260}
}
@inproceedings {184425,
author = {Eli Ben-Sasson and Alessandro Chiesa and Eran Tromer and Madars Virza},
title = {Succinct {Non-Interactive} Zero Knowledge for a von Neumann Architecture},
booktitle = {23rd USENIX Security Symposium (USENIX Security 14)},
year = {2014},
isbn = {978-1-931971-15-7},
address = {San Diego, CA},
pages = {781--796},
url = {https://www.usenix.org/conference/usenixsecurity14/technical-sessions/presentation/ben-sasson},
publisher = {USENIX Association},
month = aug,
}
@article{10.1145/2856449,
author = {Parno, Bryan and Howell, Jon and Gentry, Craig and Raykova, Mariana},
title = {Pinocchio: Nearly Practical Verifiable Computation},
year = {2016},
issue_date = {February 2016},
publisher = {Association for Computing Machinery},
address = {New York, NY, USA},
volume = {59},
number = {2},
issn = {0001-0782},
url = {https://doi.org/10.1145/2856449},
doi = {10.1145/2856449},
journal = {Commun. ACM},
month = {jan},
pages = {103–112},
numpages = {10}
}
@INPROCEEDINGS{6956581,  
author={Ben Sasson, Eli and Chiesa, Alessandro and Garman, Christina and Green, Matthew and Miers, Ian and Tromer, Eran and Virza, Madars},  booktitle={2014 IEEE Symposium on Security and Privacy},   title={Zerocash: Decentralized Anonymous Payments from Bitcoin},   year={2014},  volume={},  number={},  pages={459-474},  doi={10.1109/SP.2014.36}}
@INPROCEEDINGS{6547123,  author={Miers, Ian and Garman, Christina and Green, Matthew and Rubin, Aviel D.},  booktitle={2013 IEEE Symposium on Security and Privacy},   title={Zerocoin: Anonymous Distributed E-Cash from Bitcoin},   year={2013},  volume={},  number={},  pages={397-411},  doi={10.1109/SP.2013.34}}
@inproceedings{10.1007/3-540-47721-7_12,
	address = {Berlin, Heidelberg},
	author = {Fiat, Amos and Shamir, Adi},
	booktitle = {Advances in Cryptology --- CRYPTO' 86},
	editor = {Odlyzko, Andrew M.},
	isbn = {978-3-540-47721-1},
	pages = {186--194},
	publisher = {Springer Berlin Heidelberg},
	title = {How To Prove Yourself: Practical Solutions to Identification and Signature Problems},
	year = {1987}}
@INPROCEEDINGS{7163032,  author={Ben-Sasson, Eli and Chiesa, Alessandro and Green, Matthew and Tromer, Eran and Virza, Madars},  booktitle={2015 IEEE Symposium on Security and Privacy},   title={Secure Sampling of Public Parameters for Succinct Zero Knowledge Proofs},   year={2015},  volume={},  number={},  pages={287-304},  doi={10.1109/SP.2015.25}}
@misc{cryptoeprint:2017/1050,
      author = {Sean Bowe and Ariel Gabizon and Ian Miers},
      title = {Scalable Multi-party Computation for zk-SNARK Parameters in the Random Beacon Model},
      howpublished = {Cryptology ePrint Archive, Paper 2017/1050},
      year = {2017},
      note = {\url{https://eprint.iacr.org/2017/1050}},
      url = {https://eprint.iacr.org/2017/1050}
}
@book{hurwicz_reiter_2006, place={Cambridge}, title={Designing Economic Mechanisms}, DOI={10.1017/CBO9780511754258}, publisher={Cambridge University Press}, author={Hurwicz, Leonid and Reiter, Stanley}, year={2006}}
@inproceedings {217511,
author = {Harry Kalodner and Steven Goldfeder and Xiaoqi Chen and S. Matthew Weinberg and Edward W. Felten},
title = {Arbitrum: Scalable, private smart contracts},
booktitle = {27th USENIX Security Symposium (USENIX Security 18)},
year = {2018},
isbn = {978-1-939133-04-5},
address = {Baltimore, MD},
pages = {1353--1370},
url = {https://www.usenix.org/conference/usenixsecurity18/presentation/kalodner},
publisher = {USENIX Association},
month = aug,
}
@www{Christian,
    title = {From Smart Contracts to Courts with not so Smart Judges},
    author = {Christian Reitwiessner},
    year = {2016},
    url = {https://blog.ethereum.org/2016/02/17/smart-contracts-courts-not-smart-judges},
}
@ARTICLE{2016arXiv160605917J,
       author = {{Jain}, Sanjay and {Saxena}, Prateek and {Stephan}, Frank and {Teutsch}, Jason},
        title = "{How to verify computation with a rational network}",
      journal = {arXiv e-prints},
     keywords = {Computer Science - Computer Science and Game Theory, Computer Science - Cryptography and Security, Computer Science - Distributed, Parallel, and Cluster Computing},
         year = 2016,
        month = jun,
          eid = {arXiv:1606.05917},
        pages = {arXiv:1606.05917},
archivePrefix = {arXiv},
       eprint = {1606.05917},
 primaryClass = {cs.GT},
       adsurl = {https://ui.adsabs.harvard.edu/abs/2016arXiv160605917J},
      adsnote = {Provided by the SAO/NASA Astrophysics Data System}
}

@ARTICLE{2019arXiv190804756T,
       author = {{Teutsch}, Jason and {Reitwie{\ss}ner}, Christian},
        title = "{A scalable verification solution for blockchains}",
      journal = {arXiv e-prints},
     keywords = {Computer Science - Cryptography and Security, Economics - Theoretical Economics, 68M14, 91-04},
         year = 2019,
        month = aug,
          eid = {arXiv:1908.04756},
        pages = {arXiv:1908.04756},
archivePrefix = {arXiv},
       eprint = {1908.04756},
 primaryClass = {cs.CR},
       adsurl = {https://ui.adsabs.harvard.edu/abs/2019arXiv190804756T},
      adsnote = {Provided by the SAO/NASA Astrophysics Data System}
}
@ARTICLE{2017arXiv170106726B,
       author = {{Bentov}, Iddo and {Kumaresan}, Ranjit and {Miller}, Andrew},
        title = "{Instantaneous Decentralized Poker}",
      journal = {arXiv e-prints},
     keywords = {Computer Science - Cryptography and Security},
         year = 2017,
        month = jan,
          eid = {arXiv:1701.06726},
        pages = {arXiv:1701.06726},
archivePrefix = {arXiv},
       eprint = {1701.06726},
 primaryClass = {cs.CR},
       adsurl = {https://ui.adsabs.harvard.edu/abs/2017arXiv170106726B},
      adsnote = {Provided by the SAO/NASA Astrophysics Data System}
}
@INPROCEEDINGS{6956580,  author={Andrychowicz, Marcin and Dziembowski, Stefan and Malinowski, Daniel and Mazurek, Lukasz},  booktitle={2014 IEEE Symposium on Security and Privacy},   title={Secure Multiparty Computations on Bitcoin},   year={2014},  volume={},  number={},  pages={443-458},  doi={10.1109/SP.2014.35}}
@inproceedings{10.1145/3372297.3417261,
author = {Abraham, Ittai and Pinkas, Benny and Yanai, Avishay},
title = {Blinder -- Scalable, Robust Anonymous Committed Broadcast},
year = {2020},
isbn = {9781450370899},
publisher = {Association for Computing Machinery},
address = {New York, NY, USA},
url = {https://doi.org/10.1145/3372297.3417261},
doi = {10.1145/3372297.3417261},
booktitle = {Proceedings of the 2020 ACM SIGSAC Conference on Computer and Communications Security},
pages = {1233–1252},
numpages = {20},
keywords = {robustness, anonymous broadcast, secure multiparty computation},
location = {Virtual Event, USA},
series = {CCS '20}
}
@inproceedings{10.1145/2046660.2046682,
author = {Naehrig, Michael and Lauter, Kristin and Vaikuntanathan, Vinod},
title = {Can Homomorphic Encryption Be Practical?},
year = {2011},
isbn = {9781450310048},
publisher = {Association for Computing Machinery},
address = {New York, NY, USA},
url = {https://doi.org/10.1145/2046660.2046682},
doi = {10.1145/2046660.2046682},
booktitle = {Proceedings of the 3rd ACM Workshop on Cloud Computing Security Workshop},
pages = {113–124},
numpages = {12},
keywords = {magma, fully homomorphic encryption, lattices, ring learning with errors},
location = {Chicago, Illinois, USA},
series = {CCSW '11}
}
@phdthesis{10.5555/1834954,
author = {Gentry, Craig},
advisor = {Boneh, Dan},
title = {A Fully Homomorphic Encryption Scheme},
year = {2009},
isbn = {9781109444506},
publisher = {Stanford University},
address = {Stanford, CA, USA},
note = {AAI3382729}
}
@misc{cryptoeprint:2014/075,
      author = {Carsten Baum and Ivan Damgård and Claudio Orlandi},
      title = {Publicly Auditable Secure Multi-Party Computation},
      howpublished = {Cryptology ePrint Archive, Paper 2014/075},
      year = {2014},
      note = {\url{https://eprint.iacr.org/2014/075}},
      url = {https://eprint.iacr.org/2014/075}
}
@INPROCEEDINGS{8726574,  author={Zhu, Yan and Song, Xiaoxu and Yang, Shuai and Qin, Yao and Zhou, Qiong},  booktitle={2018 IEEE International Conference on Internet of Things (iThings) and IEEE Green Computing and Communications (GreenCom) and IEEE Cyber, Physical and Social Computing (CPSCom) and IEEE Smart Data (SmartData)},   title={Secure Smart Contract System Built on SMPC Over Blockchain},   year={2018},  volume={},  number={},  pages={1539-1544},  doi={10.1109/Cybermatics_2018.2018.00259}}
@www{Barak
  title = {An Intensive Introduction to Cryptography},
    author = {B. Barak},
    year = {2020},
    url = {https://intens ecrypto.org/},
}
@INPROCEEDINGS{8726497,  
author={Eberhardt, Jacob and Tai, Stefan},  
booktitle={2018 IEEE International Conference on Internet of Things (iThings) and IEEE Green Computing and Communications (GreenCom) and IEEE Cyber, Physical and Social Computing (CPSCom) and IEEE Smart Data (SmartData)},   
title={ZoKrates - Scalable Privacy-Preserving Off-Chain Computations},   
year={2018},  
volume={},  
number={},  
pages={1084-1091},  
doi={10.1109/Cybermatics_2018.2018.00199}}
@article{10.1145/359168.359176,
author = {Shamir, Adi},
title = {How to Share a Secret},
year = {1979},
issue_date = {Nov. 1979},
publisher = {Association for Computing Machinery},
address = {New York, NY, USA},
volume = {22},
number = {11},
issn = {0001-0782},
url = {https://doi.org/10.1145/359168.359176},
doi = {10.1145/359168.359176},
journal = {Commun. ACM},
month = {nov},
pages = {612–613},
numpages = {2},
keywords = {interpolation, cryptography, key management}
}
@misc{cryptoeprint:2019/883,
      author = {Donghang Lu and Thomas Yurek and Samarth Kulshreshtha and Rahul Govind and Rahul Mahadev and Aniket Kate and Andrew Miller},
      title = {HoneyBadgerMPC and AsynchroMix: Practical AsynchronousMPC and its Application to Anonymous Communication},
      howpublished = {Cryptology ePrint Archive, Paper 2019/883},
      year = {2019},
      note = {\url{https://eprint.iacr.org/2019/883}},
      url = {https://eprint.iacr.org/2019/883}
}
@ARTICLE{2018arXiv180405141C,
       author = {{Cheng}, Raymond and {Zhang}, Fan and {Kos}, Jernej and {He}, Warren and {Hynes}, Nicholas and {Johnson}, Noah and {Juels}, Ari and {Miller}, Andrew and {Song}, Dawn},
        title = "{Ekiden: A Platform for Confidentiality-Preserving, Trustworthy, and Performant Smart Contract Execution}",
      journal = {arXiv e-prints},
     keywords = {Computer Science - Cryptography and Security},
         year = 2018,
        month = apr,
          eid = {arXiv:1804.05141},
        pages = {arXiv:1804.05141},
archivePrefix = {arXiv},
       eprint = {1804.05141},
 primaryClass = {cs.CR},
       adsurl = {https://ui.adsabs.harvard.edu/abs/2018arXiv180405141C},
      adsnote = {Provided by the SAO/NASA Astrophysics Data System}
}

@www{enigma2019,
    title = {What is Enigma?},
    author = {The Enigma Project Team},
    year = {2019},
    url = {https://enigma.co/discovery-documentation/},
}
@inproceedings {217543,
author = {Jo Van Bulck and Marina Minkin and Ofir Weisse and Daniel Genkin and Baris Kasikci and Frank Piessens and Mark Silberstein and Thomas F. Wenisch and Yuval Yarom and Raoul Strackx},
title = {Foreshadow: Extracting the Keys to the Intel {SGX} Kingdom with Transient {Out-of-Order} Execution},
booktitle = {27th USENIX Security Symposium (USENIX Security 18)},
year = {2018},
isbn = {978-1-939133-04-5},
address = {Baltimore, MD},
pages = {991{\textendash}1008},
url = {https://www.usenix.org/conference/usenixsecurity18/presentation/bulck},
publisher = {USENIX Association},
month = aug,
}
@ARTICLE{2015arXiv150603471Z,
       author = {{Zyskind}, Guy and {Nathan}, Oz and {Pentland}, Alex},
        title = "{Enigma: Decentralized Computation Platform with Guaranteed Privacy}",
      journal = {arXiv e-prints},
     keywords = {Computer Science - Cryptography and Security, Computer Science - Distributed, Parallel, and Cluster Computing},
         year = 2015,
        month = jun,
          eid = {arXiv:1506.03471},
        pages = {arXiv:1506.03471},
archivePrefix = {arXiv},
       eprint = {1506.03471},
 primaryClass = {cs.CR},
       adsurl = {https://ui.adsabs.harvard.edu/abs/2015arXiv150603471Z},
      adsnote = {Provided by the SAO/NASA Astrophysics Data System}
}

@article{bell2018applications,
  title={Applications of blockchain within healthcare},
  author={Bell, Liam and Buchanan, William J and Cameron, Jonathan and Lo, Owen},
  journal={Blockchain in healthcare today},
  year={2018}
}


@inproceedings{10.1007/978-3-662-53887-6_7,
	address = {Berlin, Heidelberg},
	author = {Albrecht, Martin and Grassi, Lorenzo and Rechberger, Christian and Roy, Arnab and Tiessen, Tyge},
	booktitle = {Advances in Cryptology -- ASIACRYPT 2016},
	editor = {Cheon, Jung Hee and Takagi, Tsuyoshi},
	pages = {191--219},
	publisher = {Springer Berlin Heidelberg},
	title = {MiMC: Efficient Encryption and Cryptographic Hashing with Minimal Multiplicative Complexity},
	year = {2016}}

@article{90,
  author          = {V. Costan and S. Devadas},
  journal         = {Cryptology ePrint Archive: 2016.86},
  pages          = {1-118},
  title           = {Intel SGX Explained},
  volume          = {},
  year            = {2016}
}

@article{Trustzone,
author = {T. Alves and D. Felton},
year = {2014},
month = {},
pages = {},
journal={ARM IQ 3.4},
title = {TrustZone: Integrated Hardware and Software Security-Enabling Trusted Computing in Embedded Systems}
}


@INPROCEEDINGS{9505181,
  author={Kerber, Thomas and Kiayias, Aggelos and Kohlweiss, Markulf},
  booktitle={2021 IEEE 34th Computer Security Foundations Symposium (CSF)}, 
  title={KACHINA – Foundations of Private Smart Contracts}, 
  year={2021},
  volume={},
  number={},
  pages={1-16},
  doi={10.1109/CSF51468.2021.00002}}

@www{zjuthesisrules,
    title = {浙江大学本科生毕业论文（设计）编写规则},
    author = {浙江大学本科生院},
    year = {2018},
    url = {http://bksy.zju.edu.cn/attachments/2018-01/01-1517384518-1149149.pdf},
}
@www{tikz,
    title = {tikz宏包},
    author = {Till Tantau},
    year = {2018},
    url = {https://sourceforge.net/projects/pgf/},
}
@www{zjuthesis,
    title = {浙江大学毕业设计/论文模板},
    author = {王子轩},
    year = {2019},
    url = {https://github.com/TheNetAdmin/zjuthesis},
}
@www{zjugradthesisrules,
    title = {浙江大学研究生学位论文编写规则},
    author = {浙江大学研究生院},
    year = {2008},
    url = {http://grs.zju.edu.cn/redir.php?catalog_id=10038&object_id=12877},
}